RFCs
----

@techreport{rfc793,
	author="Jon Postel",
	title="{Transmission Control Protocol}",
	howpublished={Internet Requests for Comments},
	type="{RFC}",
	number=793,
	pages={1--85},
	year={1981},
	month={September},
	issn={2070-1721},
	publisher="{RFC Editor}",
	institution="{RFC Editor}",
	url={http://www.rfc-editor.org/rfc/rfc793.txt}
}

@techreport{rfc3286,
	author="L. Ong and J. Yoakum",
	title="{An Introduction to the Stream Control Transmission Protocol (SCTP)}",
	howpublished={Internet Requests for Comments},
	type="{RFC}",
	number=3286,
	pages={1--10},
	year={2002},
	month={May},
	issn={2070-1721},
	publisher="{RFC Editor}",
	institution="{RFC Editor}",
	url={http://www.rfc-editor.org/rfc/rfc3286.txt}
}

@techreport{rfc4960,
	author="R. Stewart",
	title="{Stream Control Transmission Protocol}",
	howpublished={Internet Requests for Comments},
	type="{RFC}",
	number=4960,
	pages={1--152},
	year={2007},
	month={September},
	issn={2070-1721},
	publisher="{RFC Editor}",
	institution="{RFC Editor}",
	url={http://www.rfc-editor.org/rfc/rfc4960.txt}
}

http://www.ietf.org/internet-drafts/draft-agache-tcpm-sndbufadv-00.txt
@techreport{tcp-sndbufadv,
	author="A. Agache and C. Raiciu",
	title="{TCP Sendbuffer Advertising}",
	howpublished="{Working Draft}",
	type="{Internet-Draft}",
	number="draft-agache-tcpm-sndbufadv-00.txt",
	institution="{IETF Secretariat}",
	day=20,
	month={July},
	year={2015},
}

IBM developerWorks
------------------

@online{ibm:sctp,
	author="M. Tim Jones",
	title="Better networking with SCTP",
	date={2006-02-28},
	url={http://www.ibm.com/developerworks/library/l-sctp/}
}
